<?xml version="1.0" encoding="UTF-8"?><collection xmlns="http://www.loc.gov/MARC21/slim"><record><leader>00415nam--2200169-i-4500</leader><controlfield tag="001">000004788</controlfield><controlfield tag="002">20161230</controlfield><controlfield tag="005">20161230201026</controlfield><controlfield tag="008">060222s1000------------r-----000-0-rum-d</controlfield><datafield ind1=" " ind2=" " tag="041"><subfield code="a">fre</subfield></datafield><datafield ind1=" " ind2=" " tag="080"><subfield code="a">534</subfield></datafield><datafield ind1="1" ind2=" " tag="100"><subfield code="a">Badarau, E</subfield></datafield><datafield ind1="1" ind2="0" tag="245"><subfield code="a">Realizari noi in ultaacustica</subfield><subfield code="c">E.badarau</subfield></datafield><datafield ind1=" " ind2=" " tag="260"><subfield code="a">Bucuresti, Editura Tehnica, 1955</subfield></datafield><datafield ind1=" " ind2=" " tag="300"><subfield code="a">45 P.+ 29FIG</subfield></datafield><datafield ind1=" " ind2=" " tag="852"><subfield code="a">6516</subfield><subfield code="c">534</subfield></datafield><datafield ind1=" " ind2=" " tag="CAT"><subfield code="a">Sys</subfield><subfield code="c">20101006</subfield><subfield code="h">102155</subfield></datafield></record></collection>